@article{brainr,
  title={{brainR}: Interactive 3 and 4d Images of High Resolution Neuroimage Data},
  author={Muschelli, John and Sweeney, Elizabeth and Crainiceanu, Ciprian},
  year={2014},
  journal={R Journal},
  volume={6},
  pages = {41-48},
  number={1}
}


@article{eloyan2014health,
  title={Health Effects of Lesion Localization in Multiple Sclerosis: Spatial Registration and Confounding Adjustment},
  author={Eloyan, Ani and Shou, Haochang and Shinohara, Russell T and Sweeney, Elizabeth M and Nebel, Mary Beth and Cuzzocreo, Jennifer L and Calabresi, Peter A and Reich, Daniel S and Lindquist, Martin A and Crainiceanu, Ciprian M},
  journal={PloS one},
  volume={9},
  number={9},
  pages={e107263},
  year={2014},
  publisher={Public Library of Science}
}

@incollection{morgan_preliminary_2008,
	title = {Preliminary findings of the minimally-invasive surgery plus {rtPA} for intracerebral hemorrhage evacuation ({MISTIE}) clinical trial},
	url = {http://link.springer.com/chapter/10.1007/978-3-211-09469-3_30},
	pages = {147--151},
	booktitle = {Cerebral Hemorrhage},
	publisher = {Springer},
	author = {Morgan, T. and Zuccarello, M. and Narayan, R. and Keyl, P. and Lane, K. and Hanley, D.},
	urldate = {2014-09-09},
	year = {2008}
}


@Article{cleveland_local_1992,
  title = {Local regression models},
  url = {ftp://plan9mail.cs.bell-labs.com/cm/ms/departments/sia/doc/smoothing_econhb.ps},
  urldate = {2014-09-11},
  journal = {Statistical models in S},
  author = {William S. Cleveland and Eric Grosse and William M. Shyu},
  year = {1992},
  pages = {309--376}
}

@article{bestall1999usefulness,
  title={Usefulness of the Medical Research Council (MRC) dyspnoea scale as a measure of disability in patients with chronic obstructive pulmonary disease},
  author={Bestall, JC and Paul, EA and Garrod, R and Garnham, R and Jones, PW and Wedzicha, JA},
  journal={Thorax},
  volume={54},
  number={7},
  pages={581--586},
  year={1999},
  publisher={BMJ Publishing Group Ltd and British Thoracic Society}
}

@article{puig2010wallerian,
  title={Wallerian degeneration in the corticospinal tract evaluated by diffusion tensor imaging correlates with motor deficit 30 days after middle cerebral artery ischemic stroke},
  author={Puig, J and Pedraza, S and Blasco, G and Daunis-i-Estadella, J and Prats, A and Prados, F and Boada, I and Castellanos, M and S{\'a}nchez-Gonz{\'a}lez, J and Remollo, S and others},
  journal={American Journal of Neuroradiology},
  volume={31},
  number={7},
  pages={1324--1330},
  year={2010},
  publisher={Am Soc Neuroradiology}
}

@article{kim2012statistical,
  title={Statistical Mapping Analysis of Brain Metabolism in Patients with Subcortical Aphasia after Intracerebral Hemorrhage: A Pilot Study of F-18 FDG PET Images},
  author={Kim, Yong Wook and Kim, Hyoung Seop and An, Young-Sil},
  journal={Yonsei medical journal},
  volume={53},
  number={1},
  pages={43--52},
  year={2012}
}